@preamble{ " \newcommand{\noop}[1]{} " } % a do-nothing command that serves a purpose

@article{GarciadeAbajo-1,
	title="Optical excitations in electron microscopy",
	author="Garc\'ia de Abajo, F. J.",
	journal="Rev. Mod. Phys.",
	volume="82",
	number="1",
	pages="209--275",
	year="2010",
	doi     = "10.1103/RevModPhys.82.209",
}

@incollection{gordon2014,
	title="Electron microscopy: a brief history and review of current clinical application",
	author="Ronald E. Gordon ",
	booktitle="Histopathology: Methods and Protocols",
	pages="119--135",
	year="2014",
	doi     = "10.1007/978-1-4939-1050-2_7",
	publisher="Springer",
}

@article{park2010,
	title= "Photon-induced near-field electron microscopy (PINEM): theoretical and experimental",
	author="Park, Sang Tae and Lin, Milo and Zewail, Ahmed H.",
	journal="New J. Phys.",
	volume="12",
	number="12",
	pages="123028",
	year="2010",
	doi     = "10.1088/1367-2630/12/12/123028",
}

@article{barwick2009,
	title="Photon-induced near-field electron microscopy",
	author="Barwick, Brett and Flannigan, David J and Zewail, Ahmed H",
	journal="Nature",
	volume="462",
	number="7275",
	pages="902--906",
	year="2009",
	doi     = "10.1038/nature08662",
}

@article{Krivanek1,
	title="Vibrational spectroscopy in the electron microscope",
	author="Krivanek, Ondrej L and Lovejoy, Tracy C and Dellby, Niklas and Aoki, Toshihiro and Carpenter, RW and Rez, Peter and Soignard, Emmanuel and Zhu, Jiangtao and Batson, Philip E and Lagos, Maureen J and Egerton, R  F and Crozier, P A",
	journal="Nature",
	volume="514",
	number="7521",
	pages="209--212",
	year="2014",
	publisher="Nature Publishing Group",
	doi     = "10.1038/nature13870",
}

@article{Krivanek2,
	title="Nanoscale momentum-resolved vibrational spectroscopy",
	author="Hage, Fredrik S and Nicholls, Rebecca J and Yates, Jonathan R and McCulloch, Dougal G and Lovejoy, Tracy C and Dellby, Niklas and Krivanek, Ondrej L and Refson, Keith and Ramasse, Quentin M",
	journal="Sci. Adv.",
	volume="4",
	number="6",
	pages="eaar7495",
	year="2018",
	publisher="American Association for the Advancement of Science",
	doi     = "10.1126/sciadv.aar7495",
}

@article{Oleshko,
	title="Are electron tweezers possible?",
	author="Oleshko, Vladimir P and Howe, James M",
	journal="Ultramicroscopy",
	volume="111",
	number="11",
	pages="1599--1606",
	year="2011",
	publisher="Elsevier",
	doi     = "10.1016/j.ultramic.2011.08.015",
}

@article{verbeeck2013,
	title="How to manipulate nanoparticles with an electron beam?",
	author="Verbeeck, Jo and Tian, He and Van Tendeloo, Gustaaf",
	journal="Adv. Mater.",
	volume="25",
	number="8",
	pages="1114--1117",
	year="2013",
	publisher="Wiley Online Library",
	doi     = "10.1002/adma.201204206",
}

@article{mohammadi2012,
	title="Vortex electron energy loss spectroscopy for near-field mapping of magnetic plasmons",
	author="Mohammadi, Zeinab and Van Vlack, Cole P and Hughes, Stephen and Bornemann, Jens and Gordon, Reuven",
	journal="Opt. Express",
	volume="20",
	number="14",
	pages="15024--15034",
	year="2012",
	publisher="Optical Society of America",
	doi     = "10.1364/OE.20.015024",
}

@article{Lloyd,
	title="Electron vortices: Beams with orbital angular momentum",
	author="Lloyd, SM and Babiker, M and Thirunavukkarasu, G and Yuan, J",
	journal="Rev. Mod. Phys.",
	volume="89",
	number="3",
	pages="035004",
	year="2017",
	publisher="APS",
	doi     = "10.1103/RevModPhys.89.035004",
}

@article{lloyd2013,
	title="Mechanical properties of electron vortices",
	author="Lloyd, SM and Babiker, M and Yuan, J",
	journal="Phys. Rev. A",
	volume="88",
	number="3",
	pages="031802",
	year="2013",
	publisher="APS",
	doi     = "10.1103/PhysRevA.88.031802",
}

@book{hauser,
	title="Introduction to the Principles of Mechanics",
	author="Hauser, Walter",
	year="1965",
	publisher="Addison-Wesley Publishing Company"
}

@article{Batson01,
	title="Motion of gold atoms on carbon in the aberration-corrected {STEM}",
	author="Batson, Philip E",
	journal="Microsc. Microanal.",
	volume="14",
	number="1",
	pages="89",
	year="2008",
	publisher="Cambridge University Press",
	doi     = "10.1017/S1431927608080197",
}

@article{Batson0,
	title="Sub-\aa{}ngstrom resolution using aberration corrected electron optics",
	author="Batson, Philip E and Dellby, Niklas and Krivanek, Ondrej L",
	journal="Nature",
	volume="418",
	number="6898",
	pages="617--620",
	year="2002",
	publisher="Nature Publishing Group",
	doi     = "10.1038/nature00972",
}

@article{GarciadeAbajo0,
	title="Momentum transfer to small particles by passing electron beams",
	author="Garc\'ia de Abajo, F. J.",
	journal="Phys. Rev. B",
	volume="70",
	number="11",
	pages="115422",
	year="2004",
	publisher="APS",
	doi     = "10.1103/PhysRevB.70.115422",
}

@article{Batson,
	title="Plasmonic nanobilliards: controlling nanoparticle movement using forces induced by swift electrons",
	author="Batson, Philip E and Reyes-Coronado, Alejandro and Barrera, Rub\'en G and Rivacoba, Alberto and Echenique, Pedro M and Aizpurua, Javier",
	journal="Nano Lett.",
	volume="11",
	number="8",
	pages="3388--3393",
	year="2011",
	publisher="ACS Publications",
	doi     = "10.1021/nl201795u",
}

@article{PRBCoronado,
	title="Electromagnetic forces on plasmonic nanoparticles induced by fast electron beams",
	author="Reyes-Coronado, Alejandro and Barrera, Rub\'en G and Batson, Philip E and Echenique, Pedro M and Rivacoba, Alberto and Aizpurua, Javier",
	journal="Phys. Rev. B",
	volume="82",
	number="23",
	pages="235429",
	year="2010",
	publisher="APS",
	doi     = "10.1103/PhysRevB.82.235429",
}

@article{Vesseur,
	title="Plasmonic excitation and manipulation with an electron beam",
	author="Vesseur, Ernst Jan R and Aizpurua, Javier and Coenen, Toon and Reyes-Coronado, Alejandro and Batson, Philip E and Polman, Albert",
	year="2012",
	publisher="Cambridge University Press",
	journal="MRS Bull.",
	volume="37",
	number="8",
	pages="752--760",
	doi     = "10.1557/mrs.2012.174",
}

@article{Batson2,
	title="Nanoparticle movement: Plasmonic forces and physical constraints",
	author="Batson, Philip E and Reyes-Coronado, Alejandro and Barrera, Rub\'en G and Rivacoba, Alberto and Echenique, Pedro M and Aizpurua, Javier",
	journal="Ultramicroscopy",
	volume="123",
	pages="50--58",
	year="2012",
	publisher="Elsevier",
	doi     = "10.1016/j.ultramic.2012.05.004",
}

@article{Batson3,
	title="Nanoparticle Plasmonic Forces: Pulling and Pushing!",
	author="Batson, Philip and Rivacoba, A and Echenique, P and Aizpurua, J and Barrera, R and Reyes-Coronado, A",
	journal="Microsc. Microanal.",
	volume="18",
	number="S2",
	pages="296--297",
	year="2012",
	publisher="Cambridge University Press",
	doi     = "10.1017/S1431927612003339",
}

@article{Lagos,
	title="Attosecond Forces Imposed by Swift Electrons on Nanometer-Sized Metal Particles",
	author="Lagos, MJ and Reyes-Coronado, A and Echenique, PM and Aizpurua, J and Batson, PE",
	journal="Microsc. Microanal.",
	volume="20",
	number="S3",
	pages="576--577",
	year="2014",
	publisher="Cambridge University Press",
	doi     = "10.1017/S1431927614004607",
}

@article{Lagos2,
	title="Attosecond and femtosecond forces exerted on gold nanoparticles induced by swift electrons",
	author="Lagos, Maureen J and Reyes-Coronado, Alejandro and Kone\v{c}n\'a, Andrea and Echenique, Pedro M and Aizpurua, Javier and Batson, Philip E",
	journal="Phys. Rev. B",
	volume="93",
	number="20",
	pages="205440",
	year="2016",
	publisher="APS",
	doi     = "10.1103/PhysRevB.93.205440",
}

@article{castellanos2019,
	title="Electronic tweezers for magnesium oxide nanoparticles",
	author="Castellanos-Reyes, Jos\'e {\'A}ngel and Castrej\'on-Figueroa, Jes\'us and Maciel-Escudero, Carlos and Reyes-Coronado, Alejandro",
	journal="Mater. Today-Proc.",
	volume="13",
	pages="341--348",
	year="2019",
	publisher="Elsevier",
	doi     = "10.1016/j.matpr.2019.03.163",
}

@article{quijada2010lifetime,
  title="Lifetime of electronic excitations in metal nanoparticles",
  author="Quijada, Marina and Mui{\~n}o, R D{\'\i}ez and Borisov, Andrei G and Alonso, JA and Echenique, Pedro M",
  journal="New J. Phys.",
  volume="12",
  number="5",
  pages="053023",
  year="2010",
  publisher="IOP Publishing",
  doi ="10.1088/1367-2630/12/5/053023"
}

@book{Ashcroft,
	title="Solid State Physics",
	author="Ashcroft, Neil W and Mermin, N D",
	year="1976",
	publisher="New York: Holt, Rinehart and Winston"
}

@book{Jackson,
	title="Classical electrodynamics",
	author="Jackson, John David",
	year="2007",
	publisher="John Wiley \& Sons"
}

@book{landau,
	title="Electrodynamics of continuous media",
	author="Landau, Lev Davidovich and Lifshitz, Evgenii Mikhailovich",
	year="1984",
	publisher="Pergamon"
}

@book{Bohren,
	title="Absorption and scattering of light by small particles",
	author="Bohren, Craig F and Huffman, Donald R",
	year="2008",
	publisher="John Wiley \& Sons"
}

@article{juanjo2019,
	title="Light induced inverse-square law interactions between nanoparticles: “Mock Gravity” at the nanoscale",
	author="Luis-Hita, Jorge and Marqu{\'e}s, Manuel I and Delgado-Buscalioni, Rafael and de Sousa, Nuno and Froufe-P{\'e}rez, Luis S and Scheffold, Frank and S{\'a}enz, Juan Jose",
	journal="Phys. Rev. Lett.",
	volume="123",
	number="14",
	pages="143201",
	year="2019",
	publisher="APS",
	doi     = "10.1103/PhysRevLett.123.143201",
}


@article{draine1988,
	title="The discrete-dipole approximation and its application to interstellar graphite grains",
	author="Draine, Bruce T",
	journal="ApJ ",
	volume="333",
	pages="848--872",
	year="1988",
	doi     = "10.1086/166795",
}

@article{Markovic,
	title="Determination of optical properties of aluminium including electron reradiation in the {Lorentz-Drude} model",
	author="Markovi{\'c}, MI and Raki{\'c}, AD",
	journal="Opt. Laser Technol.",
	volume="22",
	number="6",
	pages="394--398",
	year="1990",
	publisher="Elsevier",
	doi     = "10.1016/0030-3992(90)90093-J",
}

@article{werner,
	title="Optical constants and inelastic electron-scattering data for 17 elemental metals",
	author="Werner, Wolfgang SM and Glantschnig, Kathrin and Ambrosch-Draxl, Claudia",
	journal="J. Phys. Chem. Ref. Data",
	volume="38",
	number="4",
	pages="1013--1092",
	year="2009",
	publisher="American Institute of Physics for the National Institute of Standards and~…",
	doi     = "10.1063/1.3243762",
}

@book{palik,
	title="Handbook of optical constants of solids",
	author="Palik, Edward D",
	volume="3",
	year="1998",
	publisher="Academic press"
}

@article{chen,
	title="Optical-constants model for semiconductors and insulators",
	author="Chen, Yung-Fu and Kwei, CM and Tung, CJ",
	journal="Phys. Rev. B",
	volume="48",
	number="7",
	pages="4373--4379",
	year="1993",
	publisher="APS",
	doi     = "10.1103/PhysRevB.48.4373",
}

@article{coronado2018,
	title="Analysis of electromagnetic forces and causality in electron microscopy",
	author="Reyes-Coronado, Alejandro and Ort{\'\i}z-Solano, Carlos Gael and Zabala, Nerea and Rivacoba, Alberto and Esquivel-Sirvent, Ra{\'u}l",
	journal="Ultramicroscopy",
	volume="192",
	pages="80--84",
	year="2018",
	publisher="Elsevier",
	doi     = "10.1016/j.ultramic.2018.06.006",
}

@book{gold,
	title="Gold nanoparticles for physics, chemistry and biology",
	author="Louis, Catherine and Pluchery, Olivier",
	year="2012",
	publisher="World Scientific"
}

@article{1Batson,
	title="Damping of bulk plasmons in small aluminum spheres",
	author="Batson, PE",
	journal="Solid State Commun.",
	volume="34",
	number="6",
	pages="477--480",
	year="1980",
	publisher="Elsevier",
	doi     = "10.1016/0038-1098(80)90655-9",
}

@article{2Batson,
	title="A new surface plasmon resonance in clusters of small aluminum spheres",
	author="Batson, PE",
	journal="Ultramicroscopy",
	volume="9",
	number="3",
	pages="277--282",
	year="1982",
	publisher="Elsevier",
	doi     = "10.1016/0304-3991(82)90212-1",
}

@article{Ritchie,
	title="The image potential in scanning transmission electron microscopy and scanning tunneling microscopy",
	author="Ritchie, RH and Echenique, PM and Flores, F and Manson, JR",
	journal="Radiat. Eff. Defects Solids",
	volume="117",
	number="1-3",
	pages="163--167",
	year="1991",
	publisher="Taylor \& Francis",
	doi     = "10.1080/10420159108220608",
}

@article{Ugarte,
	title="Surface-and interface-plasmon modes on small semiconducting spheres",
	author="Ugarte, D and Colliex, C and Trebbia, P",
	journal="Phys. Rev. B",
	volume="45",
	number="8",
	pages="4332",
	year="1992",
	publisher="APS",
	doi     = "10.1103/PhysRevB.45.4332",
}

@article{Yamamoto,
	title="Light emission from surfaces, thin films and particles induced by high-energy electron beam",
	author = "Yamamoto, N. and Araya, K. and Toda, A. and Sugiyama, H.",
	journal = "Surf. Interface Anal.",
	volume="31",
	number="2",
	pages="79--86",
	year="2001",
	publisher="Wiley Online Library",
	doi = "10.1002/sia.958"
}

@article{CODATA,
	title="{CODATA} recommended values of the fundamental physical constants: 2014",
	author = "Mohr,Peter J.  and Newell,David B.  and Taylor,Barry N. ",
	journal="J. Phys. Chem. Ref. Data",
	volume="45",
	number="4",
	pages="043102",
	year="2016",
	publisher="AIP Publishing LLC for the National Institute of Standards and Technology",
	doi = "10.1063/1.4954402"
}

@article{Anwar,
	title = "Pyrazinium thioacetate capped gold nanoparticles as Fe(III) sensor and Fe(III) marked anti-proliferating agent in human neuroblastoma cells",
	author = "Ayaz Anwar and Aaliya Minhaz and Syed Saad Hussain and Areeba Anwar and Shabana Usman Simjee and Muhammad Ishaq and Naveed Ahmed Khan and Muhammad Raza Shah",
	journal = "Spectrochim. Acta A Mol. Biomol. Spectrosc.",
	volume = "206",
	pages = "135 - 140",
	year = "2019",
	publisher="Elsevier",
	doi = "10.1016/j.saa.2018.07.099"
}

@article{Patra,
	title = "Influence of Ni, Ti and NiTi alloy nanoparticles on hydrothermally grown ZnO nanowires for photoluminescence enhancement",
	author = "Nandini Patra and Siva Krishna Karuturi and Nilesh J. Vasa and D. Nakamura and M. Higashihata and Vipul Singh and I.A. Palani",
	journal = "J. Alloys Compd.",
	volume = "770",
	pages = "1119 - 1129",
	year = "2019",
	publisher="Elsevier",
	doi = "https://doi.org/10.1016/j.jallcom.2018.08.160"
}

@article{Ansari,
	title = "Enhanced near infrared luminescence in Ag@Ag2S core-shell nanoparticles",
	author = "Jamilur R. Ansari and Neelam Singh and Satyabrata Mohapatra and Razi Ahmad and Nayan Ranjan Saha and Dipankar Chattopadhyay and Manabendra Mukherjee and Anindya Datta",
	journal = "Appl. Surf. Sci.",
	volume = "463",
	pages = "573 - 580",
	year = "2019",
	publisher="Elsevier",
	doi = "https://doi.org/10.1016/j.apsusc.2018.08.244"
}

@article{Aminfard,
	title = "Enhanced optical absorption in ultrathin silicon films using embedded silica-coated silver nanoparticles",
	author = "Sam Aminfard and Richard K. Harrison and Adela Ben-Yakar",
	journal = "Opt. Commun.",
	volume = "430",
	pages = "143 - 150",
	year = "2019",
	doi = "https://doi.org/10.1016/j.optcom.2018.08.028"
}

@mastersthesis{Arturo,
	author       = "Arturo Santos G\'omez", 
	title        = "Estudio de la transferencia de momento a nanopart\'iculas plasm\'onicas por electrones r\'apidos en funci\'on de su velocidad",
	school       = "Benem\'erita Universidad Aut\'onoma de Puebla",
	year         =  "2014"
}

@mastersthesis{Angel,
	author       = "Jos\'e \'Angel Castellanos Reyes", 
	title        = "Transferencia de momento lineal de electrones r\'apidos a nanopart\'iculas diel\'ectricas",
	school       = "Universidad Nacional Aut\'onoma de M\'exico",
	year         =  "2017"
}

@article{Cowley1,
	title = "Microdiffraction, stem imaging and ELS at crystal surfaces",
	author = "J.M. Cowley",
	journal = "Ultramicroscopy",
	volume = "9",
	number = "3",
	pages = "231 - 236",
	year = "1982",
	publisher="Elsevier",
	doi = "https://doi.org/10.1016/0304-3991(82)90205-4"
}

@article{Cowley2,
	title = "Electron microscopy of surface structure",
	author = "J.M. Cowley",
	journal = "Prog. Surf. Sci.",
	volume = "21",
	number = "3",
	pages = "209 - 250",
	year = "1986",
	doi = "https://doi.org/10.1016/0079-6816(86)90006-7"
}

@article{Rivacoba1,
	title = "Deflection of {STEM} electrons by dielectric spheres",
	author = "A. Rivacoba and P.M. Echenique",
	journal = "Ultramicroscopy",
	volume = "26",
	number = "4",
	pages = "389 - 392",
	year = "1988",
	doi = "https://doi.org/10.1016/0304-3991(88)90238-0"
}

@article{Ashkin,
	title="History of optical trapping and manipulation of small-neutral particle, atoms, and molecules",
	author="Ashkin, Arthur",
	journal="IEEE J. Sel. Top. Quantum Electron.",
	volume="6",
	number="6",
	pages="841--856",
	year="2000",
	publisher="IEEE",
	doi="10.1109/2944.902132"
}

@book{Good,
	title="Classical theory of electric and magnetic fields",
	author="Good, Roland H and Nelson, Terence J",
	year="2013",
	publisher="Academic Press"
}

@book{Purcell,
	title="Electricity and Magnetism. Vol. II",
	author="Purcell, E. M.",
	year="2011",
	publisher="Cambridge University Press, Cambridge"
}

@mastersthesis{CMaciel,
	author       = "Maciel-Escudero, C", 
	title        = "Linear momentum transfer from swift electrons to small metallic nanoparticles:
	dipole approximation",
	school       = "Universidad Nacional Aut\'onoma de M\'exico",
	year         =  "2017"
}

@book{Abramowitz,
	title="Handbook of mathematical functions with formulas, graphs, and mathematical tables",
	author="Abramowitz, Milton and Stegun, Irene A and Romer, Robert H",
	year="1988",
	publisher="American Association of Physics Teachers"
}

@article{GarciadeAbajo,
	title = "Relativistic energy loss and induced photon emission in the interaction of a dielectric sphere with an external electron beam",
	author = "Garc\'{\i}a de Abajo, F. J.",
	journal = "Phys. Rev. B",
	volume = "59",
	pages = "3095--3107",
	year = "1999",
	publisher = "American Physical Society",
	doi = "10.1103/PhysRevB.59.3095"
}

@book{Drake,
	title="Springer handbook of atomic, molecular, and optical physics",
	author="Drake, Gordon W. F.",
	year="2006",
	publisher="Springer Science \& Business Media"
}

@book{Low,
	title="Classical field theory: electromagnetism and gravitation",
	author="Low, Francis E",
	year="2008",
	publisher="John Wiley \& Sons"
}

@book{Messiah,
	title="Quantum mechanics",
	author="Messiah, A",
	year="2014",
	publisher="Dover Publications"
}

@book{Burden,
	title="An{\'a}lisis num{\'e}rico",
	author="Burden, RL and Faires, JD",
	year="1998",
	publisher="International Thomson Editores"
}

@book{Friedberg,
	title="Linear algebra",
	author="Friedberg, Stephen H and Insel, Arnold J and Spence, Lawrence E",
	year="2003",
	publisher="Pearson Education"
}
@book{Arnold,
	title="Lectures on partial differential equations",
	author="Arnold, Vladimir I",
	year="2013",
	publisher="Springer Science \& Business Media"
}

@book{vdHulst,
	title="Light scattering by small particles",
	author="H. C. van de Hulst",
	year="1981",
	publisher="Dover Publications"
}

@book{Griffiths,
	title="Introduction to electrodynamics",
	author="D. J. Griffiths",
	year="1999",
	publisher="Prentice Hall"
}

@article{Wemple1977,
	title = "Optical oscillator strengths and excitation energies in solids, liquids, and molecules",
	author = "Wemple,S. H.",	
	journal = "J. Chem. Phys.",
	volume = "67",
	number = "5",
	pages = "2151--2168",
	year = "1977",
	doi = "10.1063/1.435102"
}

@article{chulkov2006electronic,
	title="Electronic Excitations in Metals and at Metal Surfaces",
	author="Chulkov, Eugene V and Borisov, Andrei G and Gauyacq, JP and S{\'a}nchez-Portal, Daniel and Silkin, Viatcheslav M and Zhukov, Vladlen P and Echenique, Pedro M",
	journal="Chem. Rev.",
	volume="106",
	number="10",
	pages="4160--4206",
	year="2006",
	publisher="ACS Publications",
	doi = "10.1021/cr050166o"
}


@book{milonni2013quantum,
	title="The quantum vacuum: an introduction to quantum electrodynamics",
	author="Milonni, Peter W",
	year="2013",
	publisher="Academic press"
}

@article{dirac1928quantum,
	title="The quantum theory of the electron",
	author="Dirac, Paul Adrien Maurice",
	journal="Proceedings of the Royal Society of London. Series A, Containing Papers of a Mathematical and Physical Character",
	volume="117",
	number="778",
	pages="610--624",
	year="1928",
	publisher="The Royal Society London",
	doi = "10.1098/rspa.1928.0023"
}

@book{arfken1967mathematical,
	title="Mathematical methods for physicists",
	author="Arfken, George B and Weber, Hans Jurgen",
	year="1967",
	publisher="Academic Press Harcourt Brace Jovanovich, San Diego"
}

@incollection{hafner2010numerical,
	title="Numerical methods for the electrodynamic analysis of nanostructures",
	author="Hafner, Christian and Smajic, Jasmin and Agio, Mario",
	editor= "Ray, Asok Kumar",
	booktitle="Nanoclusters and nanostructured surfaces",
	pages="207--274",
	year="2010",
	publisher="American Scientific Publishers"
}

@article{krehl2018spectral,
	title="Spectral field mapping in plasmonic nanostructures with nanometer resolution",
	author="Krehl, Jonas and Guzzinati, Giulio and Schultz, Johannes and Potapov, Pavel and Pohl, Darius and Martin, J{\'e}r{\^o}me and Verbeeck, Johan and Fery, Andreas and B{\"u}chner, Bernd and Lubk, Axel",
	journal="Nat. Commun.",
	volume="9",
	number="1",
	pages="1--6",
	year="2018",
	publisher="Nature Publishing Group",
	doi = "10.1038/s41467-018-06572-9"
}


@article{deabajo2021optical,
	title={Optical Excitations with Electron Beams: Challenges and Opportunities},
	author={F. Javier García de Abajo and Valerio Di Giulio},
	journal={ACS Photonics},
	volume={8},
	number={4},
	pages={945--974},
	year={2021},
	publisher={ACS Publications},
	doi = {10.1021/acsphotonics.0c01950}
}

@book{hornyak2018fundamentals,
	title="Fundamentals of nanotechnology",
	author="Hornyak, Gabor L and Moore, John J and Tibbals, Harry F and Dutta, Joydeep",
	year="2018",
	publisher="CRC press"
}

@misc{CODATAelectronmass,
	title        = "{CODATA value: electron mass energy equivalent in MeV}",
	author       = "{NIST}",
	howpublished = "\url{https://physics.nist.gov/cgi-bin/cuu/Value?eqmec2mev}",
	year         = 2020,
	note         = "(Recuperado el 21 de abril de 2021)"
}

@book{kreibig2013optical,
	title="Optical properties of metal clusters",
	author="Kreibig, Uwe and Vollmer, Michael",
	year="2013",
	publisher="Springer Science \& Business Media"
}

@book{kittel1996introduction,
	title="Introduction to solid state physics",
	author="Kittel, Charles",
	year="1996",
	publisher="Wiley New York"
}

@article{van1996improved,
	title={Improved density functional theory results for frequency-dependent polarizabilities, by the use of an exchange-correlation potential with correct asymptotic behavior},
	author={Van Gisbergen, S J A and Osinga, V P and Gritsenko, O V and Van Leeuwen, R and Snijders, J G and Baerends, E J},
	journal={J. Chem. Phys.},
	volume={105},
	number={8},
	pages={3142--3151},
	year={1996},
	publisher={American Institute of Physics},
	doi={10.1063/1.472182}
}

@article{colwell1996determination,
	title={Determination of frequency-dependent polarizabilities using current density-functional theory},
	author={Colwell, Susan M and Handy, Nicholas C and Lee, Aaron M},
	journal={Phys. Rev. A},
	volume={53},
	number={3},
	pages={1316},
	year={1996},
	publisher={APS},
	doi={10.1103/PhysRevA.53.1316}
}

@misc{CODATAComptonwavelenghtelectron,
	title        = "{CODATA value: Compton wavelength}",
	author       = "{NIST}",
	howpublished = "\url{https://physics.nist.gov/cgi-bin/cuu/Value?ecomwl}",
	year         = 2020,
	note         = "(Recuperado el 21 de abril de 2021)"
}

@article{hahn2007cuba,
	title={{CUBA}—a library for multidimensional numerical integration},
	author={Hahn, Thomas},
	journal={Comput. Phys. Commun},
	volume={176},
	number={11-12},
	pages={712--713},
	year={2007},
	publisher={Elsevier},
	doi={10.1016/j.cpc.2007.03.006}
}

@book{stroud1971approximate,
	title={Approximate calculation of multiple integrals},
	author={Stroud, Arthur H},
	year={1971},
	publisher={Prentice-Hall}
}

@article{berntsen1991adaptive,
	title = {An Adaptive Algorithm for the Approximate Calculation of Multiple Integrals},
	author = {Berntsen, Jarle and Espelid, Terje O. and Genz, Alan},
	journal = {ACM Trans. Math. Softw.},
	volume = {17},
	number = {4},
	pages = {437–451},
	year = {1991},
	publisher = {Association for Computing Machinery},
	doi = {10.1145/210232.210233},
}

@article{cools2002advances,
	title={Advances in multidimensional integration},
	author={Cools, Ronald},
	journal={J. Comput. Appl. Math.},
	volume={149},
	number={1},
	pages={1--12},
	year={2002},
	publisher={Elsevier},
	doi = {10.1016/S0377-0427(02)00517-4},
}

@article{maciel2019electromagnetic,
	title="Electromagnetic fields produced by a swift electron: A source of white light",
	author="Maciel-Escudero, C and Reyes-Coronado, A",
	journal="Wave Motion",
	volume="86",
	pages="137--149",
	year="2019",
	publisher="Elsevier",
	doi     = "10.1016/j.wavemoti.2019.01.005",
}

@article{castellanos2021angular,
	title={Angular dynamics of small nanoparticles induced by non-vortex electron beams},
	author={Castellanos-Reyes, Jos{\'e} {\'A}ngel and Castrej{\'o}n-Figueroa, Jes{\'u}s and Reyes-Coronado, Alejandro},
	journal={Ultramicroscopy},
	pages={113274},
	year={2021},
	publisher={Elsevier},
	doi = {10.1016/j.ultramic.2021.113274}
}


@book{kahaner1989numerical,
	title={Numerical methods and software},
	author={Kahaner, David and Moler, Cleve and Nash, Stephen},
	year={1989},
	publisher={Prentice-Hall, Inc.}
}

@book{press2007numerical,
	title={Numerical recipes 3rd edition: The art of scientific computing},
	author={Press, William H and William, H and Teukolsky, Saul A and Vetterling, William T and Saul, A and Flannery, Brian P},
	year={2007},
	publisher={Cambridge university press}
}

@book{ralston2001first,
	title={A first course in numerical analysis},
	author={Ralston, Anthony and Rabinowitz, Philip},
	year={2001},
	publisher={Dover Publications}
}

@article{lyness1965symmetric,
	title={Symmetric integration rules for hypercubes. III. {C}onstruction of integration rules using null rules},
	author={Lyness, J N},
	journal={Math. Comp. },
	volume={19},
	number={92},
	pages={625--637},
	year={1965},
	doi = {10.1090/S0025-5718-1965-0201069-7}	
}

@article{custance2009atomic,
	title={Atomic force microscopy as a tool for atom manipulation},
	author={Custance, Oscar and Perez, Ruben and Morita, Seizo},
	journal={Nat. Nanotechnol},
	volume={4},
	number={12},
	pages={803--810},
	year={2009},
	publisher={Nature Publishing Group},
	doi={10.1038/nnano.2009.347}
}

@article{romo2020controlled,
	title={Controlled assembly of plasmonic colloidal nanoparticle clusters},
	author={Romo-Herrera, Jose M and Alvarez-Puebla, Ram{\'o}n A and Liz-Marz{\'a}n, Luis M},
	journal={Nanoscale},
	pages={1304–1315},
	year={2011},
	doi={10.1039/C0NR00804D}
}

@article{marago2013optical,
	title={Optical trapping and manipulation of nanostructures},
	author={Marag{\`o}, Onofrio M and Jones, Philip H and Gucciardi, Pietro G and Volpe, Giovanni and Ferrari, Andrea C},
	journal={Nat. Nanotechnol},
	volume={8},
	number={11},
	pages={807–819},
	year={2013},
	publisher={Nature Publishing Group},
	doi={10.1038/nnano.2013.208}
}

@article{dholakia2011shaping,
	title={Shaping the future of manipulation},
	author={Dholakia, K and {\v{C}}i{\v{z}}m{\'a}r, T},
	journal={Nat. Photonics},
	volume={5},
	number={6},
	pages={335--342},
	year={2011},
	publisher={Nature Publishing Group},
	doi={10.1038/nphoton.2011.80}
}


@incollection{OLESHKO2013203,
	title = {Chapter Three - Electron Tweezers as a Tool for High-Precision Manipulation of Nanoobjects},
	editor = {Peter W. Hawkes},
	series = {Advances in Imaging and Electron Physics},
	publisher = {Elsevier},
	volume = {179},
	pages = {203-262},
	year = {2013},
	issn = {1076-5670},
	doi = {10.1016/B978-0-12-407700-3.00003-X},
	author = {Vladimir P. Oleshko and James M. Howe}
}

@article{ashkin1970acceleration,
	title={Acceleration and trapping of particles by radiation pressure},
	author={Ashkin, Arthur},
	journal={Phys. Rev. Lett.},
	volume={24},
	number={4},
	pages={156},
	year={1970},
	publisher={APS},
	doi={10.1103/PhysRevLett.24.156}
}

@article{righini2008surface,
	title={Surface plasmon optical tweezers: tunable optical manipulation in the femtonewton range},
	author={Righini, Maurizio and Volpe, Giovanni and Girard, Christian and Petrov, Dmitri and Quidant, Romain},
	journal={Phys. Rev. Lett.},
	volume={100},
	number={18},
	pages={186804},
	year={2008},
	publisher={APS},
	doi={10.1103/PhysRevLett.100.186804}
}

@article{bosanac2008efficient,
	title={Efficient optical trapping and visualization of silver nanoparticles},
	author={Bosanac, Lana and Aabo, Thomas and Bendix, Poul M and Oddershede, Lene B},
	journal={Nano Lett.},
	volume={8},
	number={5},
	pages={1486--1491},
	year={2008},
	publisher={ACS Publications},
	doi={10.1021/nl080490+}
}

@article{maclaren2020detectors,
	title={Detectors—The ongoing revolution in scanning transmission electron microscopy and why this important to material characterization},
	author={MacLaren, Ian and Macgregor, Thomas A and Allen, Christopher S and Kirkland, Angus I},
	journal={APL Mater.},
	volume={8},
	number={11},
	pages={110901},
	year={2020},
	publisher={AIP Publishing LLC},
	doi={10.1063/5.0026992}
}

@article{howe2004effects,
	title={Effects of heat and electron irradiation on the melting behavior of {A}l-{S}i alloy particles and motion of the {A}l nanosphere within},
	author={Howe, James M and Yokota, Takeshi and Murayama, Mitsuhiro and Jesser, William A},
	journal={Microscopy},
	volume={53},
	number={2},
	pages={107--114},
	year={2004},
	publisher={OUP},
	doi={10.1093/jmicro/53.2.107}}
}

@article{yokota2004fractional,
	title={Fractional Brownian motion of an {A}l nanosphere in liquid {A}l-{S}i alloy under electron-beam irradiation},
	author={Yokota, Takeshi and Howe, JM and Jesser, WA and Murayama, M},
	journal={J. Appl. Phys.},
	volume={95},
	number={10},
	pages={5756--5761},
	year={2004},
	publisher={American Institute of Physics},
	doi={10.1063/1.1704865}
}

@article{oleshko2004situ,
	title={In situ {EFTEM/PEELS} investigation of melting behavior of individual {A}l-{S}i alloy small particles},
	author={Oleshko, Vladimir P and Howe, James M},
	journal={Microsc. Microanal.},
	volume={10},
	number={S02},
	pages={350},
	year={2004},
	publisher={Cambridge University Press},
	doi={10.1017/S1431927604884447}
}

@article{oleshko2005electron,
	title={``{E}lectron tweezers'' as a Tool for In-situ Manipulation and Processing of Individual Metal Nanoparticles in a Two-Phase Partially Molten Alloy},
	author={Oleshko, VA and Howe, James M},
	journal={Microsc. Microanal.},
	volume={11},
	number={S02},
	pages={1512--1513},
	year={2005},
	publisher={Cambridge University Press},
	doi={https://doi.org/10.1017/S1431927605502484}
}

@article{zheng2012electron,
	title={Electron beam manipulation of nanoparticles},
	author={Zheng, Haimei and Mirsaidov, Utkur M and Wang, Lin-Wang and Matsudaira, Paul},
	journal={Nano Lett.},
	volume={12},
	number={11},
	pages={5644--5648},
	year={2012},
	publisher={ACS Publications},
	doi={10.1021/nl302788g}
}

@article{xu2010transmission,
	title={Transmission electron microscope observation of a freestanding nanocrystal in a {C}oulomb potential well},
	author={Xu, Sheng-Yong and Sun, Wei-Qiang and Zhang, Meng and Xu, Jian and Peng, Lian-Mao},
	journal={Nanoscale},
	volume={2},
	number={2},
	pages={248--253},
	year={2010},
	publisher={Royal Society of Chemistry},
	doi={10.1039/B9NR00144A }
}

@article{cretu2012electron,
	title={Electron beam-induced formation and displacement of metal clusters on graphene, carbon nanotubes and amorphous carbon},
	author={Cretu, O and Rodr{\'\i}guez-Manzo, JA and Demortiere, A and Banhart, F},
	journal={Carbon},
	volume={50},
	number={1},
	pages={259--264},
	year={2012},
	publisher={Elsevier},
	doi={10.1016/j.carbon.2011.08.043}
}

@article{gnanavel2012observation,
	title={Observation of gold nanoparticles movements under sub-10 nm vortex electron beams in an aberration corrected {TEM}},
	author={Gnanavel, T and Yuan, J and Babiker, M},
	journal={Proceedings of the 15th European Microscopy Congress},
	year={2012},
	url={http://www.emc2012.org.uk/documents/Abstracts/Abstracts/EMC2012_1082.pdf}
}

@article{verbeeck2012new,
	title={A new way of producing electron vortex probes for {STEM}},
	author={Verbeeck, Johan and Tian, He and B{\'e}ch{\'e}, Armand},
	journal={Ultramicroscopy},
	volume={113},
	pages={83--87},
	year={2012},
	publisher={Elsevier},
	doi={10.1016/j.ultramic.2011.10.008}
}

@article{castrejon2021time,
	title={Time-dependent forces between a swift electron and a small nanoparticle within the dipole approximation},
	author={Castrej{\'o}n-Figueroa, J and Castellanos-Reyes, J{\'A} and Maciel-Escudero, C and Reyes-Coronado, A and Barrera, RG},
	journal={Phys. Rev. B},
	volume={103},
	number={15},
	pages={155413},
	year={2021},
	publisher={APS},
	doi={10.1103/PhysRevB.103.155413}
}

@misc{PRBcastrejon2,
	title={Non-causality and numerical convergence impact on the linear momentum transfer by a swift electron to a metallic nanoparticle}, 
	author={Castrej{\'o}n-Figueroa, J. and Castellanos-Reyes, J. {\'A}.  and Reyes-Coronado, A.},
	year={2021},
	eprint={2106.04032},
	archivePrefix={arXiv},
	primaryClass={cond-mat.mtrl-sci}
}

@article{toudert2012exploring,
	title={Exploring the optical potential of nano-bismuth: tunable surface plasmon resonances in the near ultraviolet-to-near infrared range},
	author={Toudert, Johann and Serna, Rosalia and Jimenez de Castro, Miguel},
	journal={J. Phys. Chem. C},
	volume={116},
	number={38},
	pages={20530--20539},
	year={2012},
	publisher={ACS Publications},
	doi={10.1021/jp3065882}
}

@article{cuadrado2016polaritonic,
	title={Polaritonic-to-plasmonic transition in optically resonant bismuth nanospheres for high-contrast switchable ultraviolet meta-filters},
	author={Cuadrado, Alexander and Toudert, Johann and Serna, Rosalia},
	journal={IEEE Photonics J.},
	volume={8},
	number={3},
	pages={1--11},
	year={2016},
	publisher={IEEE},
	doi={10.1109/JPHOT.2016.2574777}
}

@article{toudert2017unveiling,
	title={Unveiling the far infrared-to-ultraviolet optical properties of bismuth for applications in plasmonics and nanophotonics},
	author={Toudert, Johann and Serna, Rosalia and Camps, Iván and Wojcik, Jacek and Mascher, Peter and Rebollar, Esther and Ezquerra, Tiberio A},
	journal={J. Phys. Chem. C},
	volume={121},
	number={6},
	pages={3511--3521},
	year={2017},
	publisher={ACS Publications},
	doi={10.1021/acs.jpcc.6b10331}
}

@article{Naumov2007,
	title={World market of bismuth: {A} review},
	author={Naumov, A.V.},
	journal={Russ. J. Non-ferrous Metals },
	volume={48},
	pages={10--16},
	year={2007},
	doi={10.3103/S1067821207010038}
}

@misc{JACRGithubTMA,
	author = {Castellanos-Reyes, J. {\'A}},
	title = {Angular-Momentum-Transfer},
	year = {2021},
	publisher = {GitHub},
	journal = {GitHub repository},
	howpublished = {\url{https://github.com/castellanos-angel/Angular-Momentum-Transfer}}
}

@article{de2012quantum,
	title={Quantum optical response of metallic nanoparticles and dimers},
	author={de la Osa, R Alcaraz and Sanz, JM and Saiz, JM and Gonz{\'a}lez, F and Moreno, F},
	journal={Opt. Lett.},
	volume={37},
	number={23},
	pages={5015--5017},
	year={2012},
	publisher={Optical Society of America},doi={10.1364/OL.37.005015}
}

@article{kraus1983plasmon,
	title={Plasmon resonance broadening in small metal particles},
	author={Kraus, WA and Schatz, George C},
	journal={J. Chem. Phys.},
	volume={79},
	number={12},
	pages={6130--6139},
	year={1983},
	publisher={American Institute of Physics},
	doi={10.1063/1.445794}
}

@incollection{VERBEECK2005324,
	title = {Electron energy loss spectrometry},
	editor = {Paul Worsfold and Alan Townshend and Colin Poole},
	booktitle = {Encyclopedia of Analytical Science (Second Edition)},
	publisher = {Elsevier},
	address = {Oxford},
	pages = {324-331},
	year = {2005},
	isbn = {978-0-12-369397-6},
	doi = {10.1016/B0-12-369397-7/00605-1},
	author = {J. Verbeeck and S. Hens and P. Potapov and D. Schryvers}
}

@book{ballentine2014quantum,
	title={Quantum mechanics: a modern development},
	author={Ballentine, Leslie E},
	year={2014},
	publisher={World Scientific Publishing Company}
}

@article{mori2001double,
	title={The double-exponential transformation in numerical analysis},
	author={Mori, Masatake and Sugihara, Masaaki},
	journal={J. Comput. Appl. Math.},
	volume={127},
	number={1-2},
	pages={287--296},
	year={2001},
	publisher={Elsevier},
	doi = {10.1016/S0377-0427(00)00501-X}
}

@misc{wolframdoubleexponential,
	title        = "{NIntegrate Integration Strategies}",
	author       = "{Wolfram Language \& System Documentation Center}",
	howpublished = "\url{https://reference.wolfram.com/language/tutorial/NIntegrateIntegrationStrategies.html}",
	year         = 2021,
	note         = "(Recuperado el 13 de julio de 2021)"
}