@preamble{ " \newcommand{\noop}[1]{} " } % a do-nothing command that serves a purpose

@article{GarciadeAbajo-1,
	title={\href{https://doi.org/10.1103/RevModPhys.82.209}{Optical excitations in electron microscopy}},
	author="G. de Abajo, F. J.",
	journal="Rev. Mod. Phys.",
	volume="82",
	number="1",
	pages="209--275",
	year="2010",
	doi     = "10.1103/RevModPhys.82.209",
}

@incollection{gordon2014,
	title={\href{https://doi.org/10.1007/978-1-4939-1050-2_7}{Electron microscopy: a brief history and review of current clinical application}},
	author="R. E. Gordon ",
	booktitle="Histopathology: Methods and Protocols",
	pages="119--135",
	year="2014",
	doi     = "10.1007/978-1-4939-1050-2_7",
	publisher="Springer",
}

@article{park2010,
	title= {\href{https://doi.org/10.1088/1367-2630/12/12/123028}{Photon-induced near-field electron microscopy (PINEM): theoretical and experimental}},
	author="Park, S. T.and Lin, M. and Zewail, A. H.",
	journal="New J. Phys.",
	volume="12",
	number="12",
	pages="123028",
	year="2010",
	doi     = "10.1088/1367-2630/12/12/123028",
}

@article{barwick2009,
	title={\href{https://doi.org/10.1038/nature08662}{Photon-induced near-field electron microscopy}},
	author="Barwick, B. and Flannigan, D. J. and Zewail, A. H.",
	journal="Nature",
	volume="462",
	number="7275",
	pages="902--906",
	year="2009",
	doi     = "10.1038/nature08662",
}

@article{Krivanek1,
	title={\href{https://doi.org/10.1038/nature13870}{Vibrational spectroscopy in the electron microscope}},
	author="Krivanek, O. L. and Lovejoy, T. C. and Dellby, N. and Aoki, T. and Carpenter, R. W. and Rez, P. and Soignard, E. and Zhu, J. and Batson, P. E. and Lagos, M. J. and Egerton, R.  F. and Crozier, P. A.",
	journal="Nature",
	volume="514",
	number="7521",
	pages="209--212",
	year="2014",
	publisher="Nature Publishing Group",
	doi     = "10.1038/nature13870",
}

@article{Krivanek2,
	title={\href{https://doi.org/10.1126/sciadv.aar7495}{Nanoscale momentum-resolved vibrational spectroscopy}},
	author="Hage, F. S. and Nicholls, R. J. and Yates, J. R. and McCulloch, D. G. and Lovejoy, T. C. and Dellby, N. and Krivanek, O. L. and Refson, K. and Ramasse, Q. M.",
	journal="Sci. Adv.",
	volume="4",
	number="6",
	pages="eaar7495",
	year="2018",
	publisher="American Association for the Advancement of Science",
	doi     = "10.1126/sciadv.aar7495",
}

@article{Oleshko,
	title={\href{https://doi.org/10.1016/j.ultramic.2011.08.015}{Are electron tweezers possible?}},
	author="Oleshko, V. and Howe, J. M.",
	journal="Ultramicroscopy",
	volume="111",
	number="11",
	pages="1599--1606",
	year="2011",
	publisher="Elsevier",
	doi     = "10.1016/j.ultramic.2011.08.015",
}

@article{verbeeck2013,
	title={\href{https://doi.org/10.1002/adma.201204206}{How to Manipulate Nanoparticles with an Electron Beam?}},
	author="Verbeeck, J. and Tian, H. and V. Tendeloo, G.",
	journal="Adv. Mater.",
	volume="25",
	number="8",
	pages="1114--1117",
	year="2013",
	publisher="Wiley Online Library",
	doi     = "10.1002/adma.201204206",
}

@article{mohammadi2012,
	title={\href{https://doi.org/10.1364/OE.20.015024}{Vortex electron energy loss spectroscopy for near-field mapping of magnetic plasmons}},
	author="Mohammadi, Z. and V. Vlack, C. P. and Hughes, S. and Bornemann, J. and Gordon, R.",
	journal="Opt. Express",
	volume="20",
	number="14",
	pages="15024--15034",
	year="2012",
	publisher="Optical Society of America",
	doi     = "10.1364/OE.20.015024",
}

@article{Lloyd,
	title={\href{https://doi.org/10.1103/RevModPhys.89.035004}{Electron vortices: Beams with orbital angular momentum}},
	author="Lloyd, S. M. and Babiker, M. and Thirunavukkarasu, G. and Yuan, J.",
	journal="Rev. Mod. Phys.",
	volume="89",
	number="3",
	pages="035004",
	year="2017",
	publisher="APS",
	doi     = "10.1103/RevModPhys.89.035004",
}

@article{lloyd2013,
	title={\href{https://doi.org/10.1103/PhysRevA.88.031802}{Mechanical properties of electron vortices}},
	author="Lloyd, S. M. and Babiker, M. and Yuan, J.",
	journal="Phys. Rev. A",
	volume="88",
	number="3",
	pages="031802",
	year="2013",
	publisher="APS",
	doi     = "10.1103/PhysRevA.88.031802",
}

@book{hauser,
	title="Introduction to the Principles of Mechanics",
	author="Hauser, W.",
	year="1965",
	publisher="Addison-Wesley Publishing Company"
}

@article{Batson01,
	title={\href{https://doi.org/10.1017/S1431927608080197}{Motion of Gold Atoms on Carbon in the Aberration-Corrected {STEM}}},
	author="Batson, P. E.",
	journal="Microsc. Microanal.",
	volume="14",
	number="1",
	pages="89",
	year="2008",
	publisher="Cambridge University Press",
	doi     = "10.1017/S1431927608080197",
}

@article{Batson0,
	title={\href{https://doi.org/10.1038/nature00972}{Sub-\aa{}ngstrom resolution using aberration corrected electron optics}},
	author="Batson, P. E. and Dellby, N. and Krivanek, O. L.",
	journal="Nature",
	volume="418",
	number="6898",
	pages="617--620",
	year="2002",
	publisher="Nature Publishing Group",
	doi     = "10.1038/nature00972",
}

@article{GarciadeAbajo0,
	title={\href{https://doi.org/10.1103/PhysRevB.70.115422}{Momentum transfer to small particles by passing electron beams}},
	author="G. de Abajo, F. J.",
	journal="Phys. Rev. B",
	volume="70",
	number="11",
	pages="115422",
	year="2004",
	publisher="APS",
	doi     = "10.1103/PhysRevB.70.115422",
}

@article{Batson,
	title={\href{https://doi.org/10.1021/nl201795u}{Plasmonic Nanobilliards: Controlling Nanoparticle Movement Using Forces Induced by Swift Electrons}},
	author="Batson, P. E. and Reyes-Coronado, A. and Barrera, R. G. and Rivacoba, A. and Echenique, P. M. and Aizpurua, J.",
	journal="Nano Lett.",
	volume="11",
	number="8",
	pages="3388--3393",
	year="2011",
	publisher="ACS Publications",
	doi     = "10.1021/nl201795u",
}

@article{PRBCoronado,
	title={\href{https://doi.org/10.1103/PhysRevB.82.235429}{Electromagnetic forces on plasmonic nanoparticles induced by fast electron beams}},
	author="Reyes-Coronado, A. and Barrera, R. G. and Batson, P. E. and Echenique, P. M. and Rivacoba, A. and Aizpurua, J.",
	journal="Phys. Rev. B",
	volume="82",
	number="23",
	pages="235429",
	year="2010",
	publisher="APS",
	doi     = "10.1103/PhysRevB.82.235429",
}

@article{Vesseur,
	title={\href{https://doi.org/10.1557/mrs.2012.174}{Plasmonic excitation and manipulation with an electron beam}},
	author="Vesseur, E. J. R. and Aizpurua, J. and Coenen, T. and Reyes-Coronado, A. and Batson, P. E. and Polman, A.",
	year="2012",
	publisher="Cambridge University Press",
	journal="MRS Bull.",
	volume="37",
	number="8",
	pages="752--760",
	doi     = "10.1557/mrs.2012.174",
}

@article{Batson2,
	title={\href{https://doi.org/10.1016/j.ultramic.2012.05.004}{Nanoparticle movement: Plasmonic forces and physical constraints}},
	author="Batson, P. E. and Reyes-Coronado, A. and Barrera, R. G. and Rivacoba, A. and Echenique, P. M. and Aizpurua, J.",
	journal="Ultramicroscopy",
	volume="123",
	pages="50--58",
	year="2012",
	publisher="Elsevier",
	doi     = "10.1016/j.ultramic.2012.05.004",
}

@article{Batson3,
	title={\href{https://doi.org/10.1017/S1431927612003339}{Nanoparticle Plasmonic Forces: Pulling and Pushing!}},
	author="Batson, P. E. and Rivacoba, A. and Echenique, P. M. and Aizpurua, J. and Barrera, R. G. and Reyes-Coronado, A.",
	journal="Microsc. Microanal.",
	volume="18",
	number="S2",
	pages="296--297",
	year="2012",
	publisher="Cambridge University Press",
	doi     = "10.1017/S1431927612003339",
}

@article{Lagos,
	title={\href{https://doi.org/10.1017/S1431927614004607}{Attosecond Forces Imposed by Swift Electrons on Nanometer-Sized Metal Particles}},
	author="Lagos, M. J. and Reyes-Coronado, A. and Echenique, P. M. and Aizpurua, J. and Batson, P. E.",
	journal="Microsc. Microanal.",
	volume="20",
	number="S3",
	pages="576--577",
	year="2014",
	publisher="Cambridge University Press",
	doi     = "10.1017/S1431927614004607",
}

@article{Lagos2,
	title={\href{https://doi.org/10.1103/PhysRevB.93.205440}{Attosecond and femtosecond forces exerted on gold nanoparticles induced by swift electrons}},
	author="Lagos, M. J. and Reyes-Coronado, A. and Kone\v{c}n\'a, A. and Echenique, P. M. and Aizpurua, J. and Batson, P. E.",
	journal="Phys. Rev. B",
	volume="93",
	number="20",
	pages="205440",
	year="2016",
	publisher="APS",
	doi     = "10.1103/PhysRevB.93.205440",
}

@article{castellanos2019,
	title={\href{https://doi.org/10.1016/j.matpr.2019.03.163}{Electronic tweezers for magnesium oxide nanoparticles}},
	author="Castellanos-Reyes, J. {\'A}. and Castrej\'on-Figueroa, J. and Maciel-Escudero, C. and Reyes-Coronado, A.",
	journal="Mater. Today Proceedings",
	volume="13",
	pages="341--348",
	year="2019",
	publisher="Elsevier",
	doi     = "10.1016/j.matpr.2019.03.163",
}

@article{quijada2010lifetime,
  title={\href{https://doi.org/10.1088/1367-2630/12/5/053023}{Lifetime of electronic excitations in metal nanoparticles}},
  author="Quijada, M. and Mui{\~n}o, R. D. and Borisov, A. G. and Alonso, J. A. and Echenique, P. M.",
  journal="New J. Phys.",
  volume="12",
  number="5",
  pages="053023",
  year="2010",
  publisher="IOP Publishing",
  doi ="10.1088/1367-2630/12/5/053023"
}

@book{Ashcroft,
	title="Solid State Physics",
	author="Ashcroft, N. W. and Mermin, N. D.",
	year="1976",
	publisher="New York: Holt, Rinehart and Winston"
}

@book{Jackson,
	title="Classical Electrodynamics",
	author="Jackson, J. D.",
	year="2007",
	publisher="John Wiley \& Sons"
}

@book{landau,
	title="Electrodynamics of Continuous Media",
	author="Landau, L. D. and Lifshitz, E. M.",
	year="1984",
	publisher="Pergamon"
}

@book{Bohren,
	title="Absorption and Scattering of Light by Small Particles",
	author="Bohren, C. F. and Huffman, D. R.",
	year="2008",
	publisher="John Wiley \& Sons"
}

@article{juanjo2019,
	title={\href{https://doi.org/10.1103/PhysRevLett.123.143201}{Light Induced Inverse-Square Law Interactions between Nanoparticles: “Mock Gravity” at the Nanoscale}},
	author="Luis-Hita, J. and Marqu{\'e}s, M. I. and Delgado-Buscalioni, R. and de Sousa, N. and Froufe-P{\'e}rez, L. S. and Scheffold, F. and S{\'a}enz, J. J.",
	journal="Phys. Rev. Lett.",
	volume="123",
	number="14",
	pages="143201",
	year="2019",
	publisher="APS",
	doi     = "10.1103/PhysRevLett.123.143201",
}


@article{draine1988,
	title={\href{http://legacy.adsabs.harvard.edu/pdf/1988ApJ...333..848D}{The discrete-dipole approximation and its application to interstellar graphite grains}},
	author="Draine, B. T.",
	journal="Astrophys. J. ",
	volume="333",
	pages="848--872",
	year="1988",
	doi     = "10.1086/166795",
}

@article{Markovic,
	title={\href{https://doi.org/10.1016/0030-3992(90)90093-J}{Determination of optical properties of aluminium including electron reradiation in the {Lorentz-Drude} model}},
	author="Markovi{\'c}, M. I. and Raki{\'c}, A. D.",
	journal="Opt. Laser Technol.",
	volume="22",
	number="6",
	pages="394--398",
	year="1990",
	publisher="Elsevier",
	doi     = "10.1016/0030-3992(90)90093-J",
}

@article{werner,
	title={\href{https://doi.org/10.1063/1.3243762}{Optical Constants and Inelastic Electron-Scattering Data for 17 Elemental Metals}},
	author="Werner, W. S. M. and Glantschnig, K. and Ambrosch-Draxl, C.",
	journal="J. Phys. Chem. Ref. Data",
	volume="38",
	number="4",
	pages="1013--1092",
	year="2009",
	publisher="American Institute of Physics for the National Institute of Standards and~…",
	doi     = "10.1063/1.3243762",
}

@book{palik,
	title="Handbook of Optical Constants of Solids",
	author="Palik, Edward D",
	volume="3",
	year="1998",
	publisher="Academic press"
}

@article{chen,
	title={\href{https://doi.org/10.1103/PhysRevB.48.4373}{Optical-constants model for semiconductors and insulators}},
	author="Chen, Y. and Kwei, C. M. and Tung, C. J.",
	journal="Phys. Rev. B",
	volume="48",
	number="7",
	pages="4373--4379",
	year="1993",
	publisher="APS",
	doi     = "10.1103/PhysRevB.48.4373",
}

@article{coronado2018,
	title={\href{https://doi.org/10.1016/j.ultramic.2018.06.006}{Analysis of electromagnetic forces and causality in electron microscopy}},
	author="Reyes-Coronado, A. and Ort{\'\i}z-Solano, C. G. and Zabala, N. and Rivacoba, A. and Esquivel-Sirvent, R.",
	journal="Ultramicroscopy",
	volume="192",
	pages="80--84",
	year="2018",
	publisher="Elsevier",
	doi     = "10.1016/j.ultramic.2018.06.006",
}

@book{gold,
	title="Gold Nanoparticles for Physics, Chemistry and Biology",
	author="Louis, C. and Pluchery, O.",
	year="2012",
	publisher="World Scientific"
}

@article{1Batson,
	title={\href{https://doi.org/10.1016/0038-1098(80)90655-9}{Damping of bulk plasmons in small aluminum spheres}},
	author="Batson, P. E.",
	journal="Solid State Commun.",
	volume="34",
	number="6",
	pages="477--480",
	year="1980",
	publisher="Elsevier",
	doi     = "10.1016/0038-1098(80)90655-9",
}

@article{2Batson,
	title={\href{https://doi.org/10.1016/0304-3991(82)90212-1}{A new surface plasmon resonance in clusters of small aluminum spheres}},
	author="Batson, P. E.",
	journal="Ultramicroscopy",
	volume="9",
	number="3",
	pages="277--282",
	year="1982",
	publisher="Elsevier",
	doi     = "10.1016/0304-3991(82)90212-1",
}

@article{Ritchie,
	title={\href{https://doi.org/10.1080/10420159108220608}{The image potential in scanning transmission electron microscopy and scanning tunneling microscopy}},
	author="Ritchie, R. H. and Echenique, P. M. and Flores, F. and Manson, J. R.",
	journal="Radiat. Eff. Defects Solids",
	volume="117",
	number="1-3",
	pages="163--167",
	year="1991",
	publisher="Taylor \& Francis",
	doi     = "10.1080/10420159108220608",
}

@article{Ugarte,
	title={\href{https://doi.org/10.1103/PhysRevB.45.4332}{Surface-and interface-plasmon modes on small semiconducting spheres}},
	author="Ugarte, D. and Colliex, C. and Trebbia, P.",
	journal="Phys. Rev. B",
	volume="45",
	number="8",
	pages="4332",
	year="1992",
	publisher="APS",
	doi     = "10.1103/PhysRevB.45.4332",
}

@article{Yamamoto,
	title={\href{https://doi.org/10.1002/sia.958}{Light emission from surfaces, thin films and particles induced by high-energy electron beam}},
	author = "Yamamoto, N. and Araya, K. and Toda, A. and Sugiyama, H.",
	journal = "Surf. Interface Anal.",
	volume="31",
	number="2",
	pages="79--86",
	year="2001",
	publisher="Wiley Online Library",
	doi = "10.1002/sia.958"
}

@article{CODATA,
	title={\href{https://doi.org/10.1063/1.4954402}{{CODATA} recommended values of the fundamental physical constants: 2014}},
	author = "Mohr,P. J.  and Newell,D. B.  and Taylor,B. N. ",
	journal="J. Phys. Chem. Ref. Data",
	volume="45",
	number="4",
	pages="043102",
	year="2016",
	publisher="AIP Publishing LLC for the National Institute of Standards and Technology",
	doi = "10.1063/1.4954402"
}

@article{Anwar,
	title = {\href{https://doi.org/10.1016/j.saa.2018.07.099}{Pyrazinium thioacetate capped gold nanoparticles as Fe(III) sensor and Fe(III) marked anti-proliferating agent in human neuroblastoma cells}},
	author = "A. Anwar and A. Minhaz and S. S.Hussain and A. Anwar and S. U. Simjee and M. I. and N. A. Khan and M. R. Shah",
	journal = "Spectrochim. Acta A Mol. Biomol. Spectrosc.",
	volume = "206",
	pages = "135 - 140",
	year = "2019",
	publisher="Elsevier",
	doi = "10.1016/j.saa.2018.07.099"
}

@article{Patra,
	title = {\href{https://doi.org/10.1016/j.jallcom.2018.08.160}{Influence of Ni, Ti and NiTi alloy nanoparticles on hydrothermally grown ZnO nanowires for photoluminescence enhancement}},
	author = "N. Patra and S. K. Karuturi and N. J. Vasa and D. Nakamura and M. Higashihata and V. Singh and I.A. Palani",
	journal = "J. Alloys Compd.",
	volume = "770",
	pages = "1119 - 1129",
	year = "2019",
	publisher="Elsevier",
	doi = "https://doi.org/10.1016/j.jallcom.2018.08.160"
}

@article{Ansari,
	title = {\href{https://doi.org/10.1016/j.apsusc.2018.08.244}{Enhanced near infrared luminescence in Ag@Ag2S core-shell nanoparticles}},
	author = "J. R. Ansari and N. Singh and S. Mohapatra and R. Ahmad and N. R. Saha and D. Chattopadhyay and M. Mukherjee and A. Datta",
	journal = "Appl. Surf. Sci.",
	volume = "463",
	pages = "573 - 580",
	year = "2019",
	publisher="Elsevier",
	doi = "https://doi.org/10.1016/j.apsusc.2018.08.244"
}

@article{Aminfard,
	title = {\href{https://doi.org/10.1016/j.optcom.2018.08.028}{Enhanced optical absorption in ultrathin silicon films using embedded silica-coated silver nanoparticles}},
	author = "S. Aminfard and R. K. Harrison and A. Ben-Yakar",
	journal = "Opt. Commun.",
	volume = "430",
	pages = "143 - 150",
	year = "2019",
	doi = "https://doi.org/10.1016/j.optcom.2018.08.028"
}

@mastersthesis{Arturo,
	author       = "Arturo Santos G\'omez", 
	title        = "Estudio de la transferencia de momento a nanopart\'iculas plasm\'onicas por electrones r\'apidos en funci\'on de su velocidad",
	school       = "Benem\'erita Universidad Aut\'onoma de Puebla",
	year         =  "2014"
}

@mastersthesis{Angel,
	author       = "J. \'A. Castellanos Reyes", 
	title        = {\href{https://tesiunam.dgb.unam.mx/F/HJEBRFA8E7FNJSGTQD4T3PHU6D59S2QLF189MX131V7G1J7H48-49861?func=full-set-set&set_number=989606&set_entry=000001&format=999}{Transferencia de momento lineal de electrones r\'apidos a nanopart\'iculas diel\'ectricas}},
	school       = "Universidad Nacional Aut\'onoma de M\'exico",
	year         =  "2017"
}

@article{Cowley1,
	title = {\href{https://doi.org/10.1016/0304-3991(82)90205-4}{Microdiffraction, {STEM} imaging and {ELS} at crystal surfaces}},
	author = "J. M. Cowley",
	journal = "Ultramicroscopy",
	volume = "9",
	number = "3",
	pages = "231 - 236",
	year = "1982",
	publisher="Elsevier",
	doi = "https://doi.org/10.1016/0304-3991(82)90205-4"
}

@article{Cowley2,
	title =  {\href{https://doi.org/10.1016/0079-6816(86)90006-7}{Electron microscopy of surface structure}},
	author = "J. M. Cowley",
	journal = "Prog. Surf. Sci.",
	volume = "21",
	number = "3",
	pages = "209 - 250",
	year = "1986",
	doi = "https://doi.org/10.1016/0079-6816(86)90006-7"
}

@article{Rivacoba1,
	title = {\href{https://doi.org/10.1016/0304-3991(88)90238-0}{Deflection of {STEM} electrons by dielectric spheres}},
	author = "A. Rivacoba and P. M. Echenique",
	journal = "Ultramicroscopy",
	volume = "26",
	number = "4",
	pages = "389 - 392",
	year = "1988",
	doi = "https://doi.org/10.1016/0304-3991(88)90238-0"
}

@article{Ashkin,
	title={\href{https://doi.org/10.1109/2944.902132}{History of optical trapping and manipulation of small-neutral particle, atoms, and molecules}},
	author="Ashkin, A.",
	journal="IEEE J. Sel. Top. Quantum Electron.",
	volume="6",
	number="6",
	pages="841--856",
	year="2000",
	publisher="IEEE",
	doi="10.1109/2944.902132"
}

@book{Good,
	title="Classical Theory of Electric and Magnetic Fields",
	author="Good, R. H. and Nelson, T. J.",
	year="2013",
	publisher="Academic Press"
}

@book{Purcell,
	title="Electricity and Magnetism. Vol. II",
	author="Purcell, E. M.",
	year="2011",
	publisher="Cambridge University Press, Cambridge"
}

@mastersthesis{CMaciel,
	author       = "C. A. Maciel Escudero", 
	title        = {\href{https://tesiunam.dgb.unam.mx/F/SDRU2PYLSSFN2F64M8356CI911ME97LTE3GVC5GG7GSBFK31V3-46427?func=full-set-set&set_number=989571&set_entry=000001&format=999}{Linear momentum transfer from swift electrons to small metallic nanoparticles:
	dipole approximation}},
	school       = "Universidad Nacional Aut\'onoma de M\'exico",
	year         =  "2017"
}


@book{Abramowitz,
	title="Handbook of Mathematical Functions with Formulas, Graphs, and Mathematical Tables",
	author="Abramowitz, M. and Stegun, I. A. and Romer, R. H.",
	year="1988",
	publisher="American Association of Physics Teachers"
}

@article{de1999relativistic,
  title = {Relativistic energy loss and induced photon emission in the interaction of a dielectric sphere with an external electron beam},
  author = {Garc\'{\i}a de Abajo, F. J.},
  journal = {Phys. Rev. B},
  volume = {59},
  issue = {4},
  pages = {3095--3107},
  numpages = {0},
  year = {1999},
  month = {Jan},
  publisher = {American Physical Society},
  doi = {10.1103/PhysRevB.59.3095},
  url = {https://link.aps.org/doi/10.1103/PhysRevB.59.3095}
}

@book{barton1989elements,
  title={Elements of Green's functions and propagation: potentials, diffusion, and waves},
  author={Barton, Gy{\"o}rgy and Barton, Gabriel},
  year={1989},
  publisher={Oxford University Press}
}

@book{Drake,
	title="Springer Handbook of Atomic, Molecular, and Optical Physics",
	author="Drake, G. W. F.",
	year="2006",
	publisher="Springer Science \& Business Media"
}

@book{Low,
	title="Classical Field Theory: Electromagnetism and Gravitation",
	author="Low, F. E.",
	year="2008",
	publisher="John Wiley \& Sons"
}

@book{Messiah,
	title="Quantum Mechanics",
	author="Messiah, A.",
	year="2014",
	publisher="Dover Publications"
}

@book{Burden,
	title="An{\'a}lisis Num{\'e}rico",
	author="Burden, R. L. and Faires, J. D.",
	year="1998",
	publisher="International Thomson Editores"
}

@book{Friedberg,
	title="Linear Algebra",
	author="Friedberg, S. H. and Insel, A. J. and Spence, L. E.",
	year="2003",
	publisher="Pearson Education"
}
@book{Arnold,
	title="Lectures on Partial Differential Equations",
	author="Arnold, V. I.",
	year="2013",
	publisher="Springer Science \& Business Media"
}

@book{vdHulst,
	title="Light Scattering by Small Particles",
	author="H. C. van de Hulst",
	year="1981",
	publisher="Dover Publications"
}

@book{Griffiths,
	title="Introduction to Electrodynamics",
	author="D. J. Griffiths",
	year="1999",
	publisher="Prentice Hall"
}

@article{Wemple1977,
	title = {\href{https://aip.scitation.org/doi/abs/10.1063/1.435102?casa_token=TEB__0TGFpYAAAAA:PJUsDcyTHerEyMNm7U89VQotZqCiI2b191iYyTguq46WqVkETrEUJSlPiqEl613OgvH_PeZb8ivA}{Optical oscillator strengths and excitation energies in solids, liquids, and molecules}},
	author = "Wemple,S. H.",	
	journal = "J. Chem. Phys.",
	volume = "67",
	number = "5",
	pages = "2151--2168",
	year = "1977",
	doi = "10.1063/1.435102"
}

@article{chulkov2006electronic,
	title={\href{https://doi.org/10.1021/cr050166o}{Electronic Excitations in Metals and at Metal Surfaces}},
	author="Chulkov, E. V. and Borisov, A. G. and Gauyacq, J. P. and S{\'a}nchez-Portal, D. and Silkin, V. M. and Zhukov, V. P. and Echenique, P. M.",
	journal="Chem. Rev.",
	volume="106",
	number="10",
	pages="4160--4206",
	year="2006",
	publisher="ACS Publications",
	doi = "10.1021/cr050166o"
}


@book{milonni2013quantum,
	title="The Quantum Vacuum: An Introduction to Quantum Electrodynamics",
	author="Milonni, P. W.",
	year="2013",
	publisher="Academic press"
}

@article{dirac1928quantum,
	title={\href{https://doi.org/10.1098/rspa.1928.0023}{The quantum theory of the electron}},
	author="Dirac, P. A. M.",
	journal="Proceedings of the Royal Society of London. Series A, Containing Papers of a Mathematical and Physical Character",
	volume="117",
	number="778",
	pages="610--624",
	year="1928",
	publisher="The Royal Society London",
	doi = "10.1098/rspa.1928.0023"
}

@book{arfken1967mathematical,
	title="Mathematical Methods for Physicists",
	author="Arfken, G. B. and Weber, H. J.",
	year="1967",
	publisher="Academic Press Harcourt Brace Jovanovich, San Diego"
}

@incollection{hafner2010numerical,
	title={\href{https://www.researchgate.net/profile/Christian-Hafner-3/publication/268297170_Numerical_Methods_for_the_Electrodynamic_Analysis_of_Nanostructures/links/54e1c8170cf2953c22bb42be/Numerical-Methods-for-the-Electrodynamic-Analysis-of-Nanostructures.pdf}{Numerical Methods for the Electrodynamic Analysis of Nanostructures}},
	author="Hafner, C. and Smajic, J. and Agio, M.",
	editor= "Ray, Asok Kumar",
	booktitle="Nanoclusters and Nanostructured Surfaces",
	pages="1--68",
	year="2010",
	publisher="American Scientific Publishers"
}

@article{krehl2018spectral,
	title={\href{https://doi.org/10.1038/s41467-018-06572-9}{Spectral field mapping in plasmonic nanostructures with nanometer resolution}},
	author="Krehl, J. and Guzzinati, G. and Schultz, J. and Potapov, P. and Pohl, D. and Martin, J. and Verbeeck, J. and Fery, A. and B{\"u}chner, B. and Lubk, A.",
	journal="Nat. Commun.",
	volume="9",
	number="1",
	pages="1--6",
	year="2018",
	publisher="Nature Publishing Group",
	doi = "10.1038/s41467-018-06572-9"
}


@article{deabajo2021optical,
	title={\href{https://doi.org/10.1021/acsphotonics.0c01950}{Optical Excitations with Electron Beams: Challenges and Opportunities}},
	author={F. J. G. de Abajo and V. D. Giulio},
	journal={ACS Photonics},
	volume={8},
	number={4},
	pages={945--974},
	year={2021},
	publisher={ACS Publications},
	doi = {10.1021/acsphotonics.0c01950}
}

@book{hornyak2018fundamentals,
	title="Fundamentals of Nanotechnology",
	author="Hornyak, G. L. and Moore, J. J. and Tibbals, H. F. and Dutta, J.",
	year="2018",
	publisher="CRC press"
}

@misc{CODATAelectronmass,
	title        = "{CODATA value: electron mass energy equivalent in MeV}",
	author       = "{NIST}",
	howpublished = "\url{https://physics.nist.gov/cgi-bin/cuu/Value?eqmec2mev}",
	year         = 2020,
	note         = "(Recuperado el 21 de abril de 2021)"
}

@book{kreibig2013optical,
	title="Optical Properties of Metal Clusters",
	author="Kreibig, U. and Vollmer, M.",
	year="2013",
	publisher="Springer Science \& Business Media"
}

@book{kittel1996introduction,
	title="Introduction to Solid State Physics",
	author="Kittel, C.",
	year="1996",
	publisher="Wiley New York"
}

@article{van1996improved,
	title={\href{https://doi.org/10.1063/1.472182}{Improved density functional theory results for frequency-dependent polarizabilities, by the use of an exchange-correlation potential with correct asymptotic behavior}},
	author={van Gisbergen, S. J. A. and Osinga, V. P. and Gritsenko, O. V. and van Leeuwen, R. and Snijders, J. G. and Baerends, E. J.},
	journal={J. Chem. Phys.},
	volume={105},
	number={8},
	pages={3142--3151},
	year={1996},
	publisher={American Institute of Physics},
	doi={10.1063/1.472182}
}

@article{colwell1996determination,
	title={\href{https://doi.org/10.1103/PhysRevA.53.1316}{Determination of frequency-dependent polarizabilities using current density-functional theory}},
	author={Colwell, S. M. and Handy, N. C. and Lee, A. M.},
	journal={Phys. Rev. A},
	volume={53},
	number={3},
	pages={1316},
	year={1996},
	publisher={APS},
	doi={10.1103/PhysRevA.53.1316}
}

@misc{CODATAComptonwavelenghtelectron,
	title        = "{CODATA value: Compton wavelength}",
	author       = "{NIST}",
	howpublished = "\url{https://physics.nist.gov/cgi-bin/cuu/Value?ecomwl}",
	year         = 2020,
	note         = "(Recuperado el 21 de abril de 2021)"
}

@article{hahn2007cuba,
	title={\href{https://doi.org/10.1016/j.cpc.2007.03.006}{{CUBA}—a library for multidimensional numerical integration}},
	author={Hahn, T.},
	journal={Comput. Phys. Commun.},
	volume={176},
	number={11-12},
	pages={712--713},
	year={2007},
	publisher={Elsevier},
	doi={10.1016/j.cpc.2007.03.006}
}

@book{stroud1971approximate,
	title={Approximate Calculation of Multiple Integrals},
	author={Stroud, A. H.},
	year={1971},
	publisher={Prentice-Hall}
}

@article{berntsen1991adaptive,
	title = {\href{https://doi.org/10.1145/210232.210233}{An Adaptive Algorithm for the Approximate Calculation of Multiple Integrals}},
	author = {Berntsen, J. and Espelid, T. O. and Genz, A.},
	journal = {ACM Trans. Math. Softw.},
	volume = {17},
	number = {4},
	pages = {437–451},
	year = {1991},
	publisher = {Association for Computing Machinery},
	doi = {10.1145/210232.210233},
}

@article{cools2002advances,
	title={\href{https://doi.org/10.1016/S0377-0427(02)00517-4}{Advances in multidimensional integration}},
	author={Cools, R.},
	journal={J. Comput. Appl. Math.},
	volume={149},
	number={1},
	pages={1--12},
	year={2002},
	publisher={Elsevier},
	doi = {10.1016/S0377-0427(02)00517-4},
}

@article{maciel2019electromagnetic,
	title={\href{https://doi.org/10.1016/j.wavemoti.2019.01.005}{Electromagnetic fields produced by a swift electron: A source of white light}},
	author="Maciel-Escudero, C. and Reyes-Coronado, A.",
	journal="Wave Motion",
	volume="86",
	pages="137--149",
	year="2019",
	publisher="Elsevier",
	doi     = "10.1016/j.wavemoti.2019.01.005",
}

@article{castellanos2021angular,
	title={\href{https://doi.org/10.1016/j.ultramic.2021.113274}{Angular dynamics of small nanoparticles induced by non-vortex electron beams}},
	author={Castellanos-Reyes, J. {\'A}. and Castrej{\'o}n-Figueroa, J. and Reyes-Coronado, A.},
	journal={Ultramicroscopy},
	volume = {225},
	pages = {113274},
	year = {2021},
	publisher={Elsevier},
	doi = {10.1016/j.ultramic.2021.113274}
}


@book{kahaner1989numerical,
	title={Numerical Methods and Software},
	author={Kahaner, D. and Moler, C. and Nash, S.},
	year={1989},
	publisher={Prentice-Hall, Inc.}
}

@book{hildebrand1987numeric,
  title={Introduction to Numerical Analysis},
  author={F. B. Hildebrand},
  year={1987},
  edition={1$^\circ$},
  publisher={Dover Publications}
}

@book{press2007numerical,
	title={Numerical Recipes 3rd Edition: The Art of Scientific Computing},
	author={Press, W. H. and William, H. and Teukolsky, S. A. and Vetterling, W. T. and Saul, A. and Flannery, B. P.},
	year={2007},
	publisher={Cambridge university press}
}

@book{ralston2001first,
	title={A First Course in Numerical Analysis},
	author={Ralston, A. and Rabinowitz, P.},
	year={2001},
	publisher={Dover Publications}
}

@article{lyness1965symmetric,
	title={\href{https://doi.org/10.1090/S0025-5718-1965-0201069-7}{Symmetric integration rules for hypercubes. III. {C}onstruction of integration rules using null rules}},
	author={Lyness, J. N.},
	journal={Math. Comp. },
	volume={19},
	number={92},
	pages={625--637},
	year={1965},
	doi = {10.1090/S0025-5718-1965-0201069-7}	
}

@article{custance2009atomic,
	title={\href{https://doi.org/10.1038/nnano.2009.347}{Atomic force microscopy as a tool for atom manipulation}},
	author={Custance, O. and Perez, R. and Morita, S.},
	journal={Nat. Nanotechnol.},
	volume={4},
	number={12},
	pages={803--810},
	year={2009},
	publisher={Nature Publishing Group},
	doi={10.1038/nnano.2009.347}
}

@article{romo2020controlled,
	title={\href{https://doi.org/10.1039/C0NR00804D}{Controlled assembly of plasmonic colloidal nanoparticle clusters}},
	author={Romo-Herrera, J. M. and Alvarez-Puebla, R. A. and Liz-Marz{\'a}n, L. M.},
	journal={Nanoscale},
	volume={3},
	number={4},
	pages={1304--1315},
	year={2011},
	publisher={Royal Society of Chemistry},
	doi={10.1039/C0NR00804D}
}


@article{marago2013optical,
	title={\href{https://doi.org/10.1038/nnano.2013.208}{Optical trapping and manipulation of nanostructures}},
	author={Marag{\`o}, O. M. and Jones, P. H. and Gucciardi, P. G. and Volpe, G. and Ferrari, A. C.},
	journal={Nat. Nanotechnol.},
	volume={8},
	number={11},
	pages={807–819},
	year={2013},
	publisher={Nature Publishing Group},
	doi={10.1038/nnano.2013.208}
}

@article{dholakia2011shaping,
	title={\href{https://doi.org/10.1038/nphoton.2011.80}{Shaping the future of manipulation}},
	author={Dholakia, K. and {\v{C}}i{\v{z}}m{\'a}r, T.},
	journal={Nat. Photonics},
	volume={5},
	number={6},
	pages={335--342},
	year={2011},
	publisher={Nature Publishing Group},
	doi={10.1038/nphoton.2011.80}
}


@incollection{OLESHKO2013203,
	title = {\href{https://doi.org/10.1016/B978-0-12-407700-3.00003-X}{Chapter Three - Electron Tweezers as a Tool for High-Precision Manipulation of Nanoobjects}},
	editor = {Peter W. Hawkes},
	series = {Advances in Imaging and Electron Physics},
	publisher = {Elsevier},
	volume = {179},
	pages = {203-262},
	year = {2013},
	issn = {1076-5670},
	doi = {10.1016/B978-0-12-407700-3.00003-X},
	author = {V. Oleshko and J. M. Howe}
}

@article{ashkin1970acceleration,
	title={\href{https://doi.org/10.1103/PhysRevLett.24.156}{Acceleration and Trapping of Particles by Radiation Pressure}},
	author={Ashkin, A.},
	journal={Phys. Rev. Lett.},
	volume={24},
	number={4},
	pages={156},
	year={1970},
	publisher={APS},
	doi={10.1103/PhysRevLett.24.156}
}

@article{righini2008surface,
	title={\href{https://doi.org/10.1103/PhysRevLett.100.186804}{Surface Plasmon Optical Tweezers: Tunable Optical Manipulation in the Femtonewton Range}},
	author={Righini, M. and Volpe, G. and Girard, C. and Petrov, D. and Quidant, R.},
	journal={Phys. Rev. Lett.},
	volume={100},
	number={18},
	pages={186804},
	year={2008},
	publisher={APS},
	doi={10.1103/PhysRevLett.100.186804}
}

@article{bosanac2008efficient,
	title={\href{https://doi.org/10.1021/nl080490+}{Efficient Optical Trapping and Visualization of Silver Nanoparticles}},
	author={Bosanac, L. and Aabo, T. and Bendix, P. M. and Oddershede, L. B.},
	journal={Nano Lett.},
	volume={8},
	number={5},
	pages={1486--1491},
	year={2008},
	publisher={ACS Publications},
	doi={10.1021/nl080490+}
}

@article{maclaren2020detectors,
	title={\href{https://aip.scitation.org/doi/abs/10.1063/5.0026992}{Detectors—The ongoing revolution in scanning transmission electron microscopy and why this important to material characterization}},
	author={MacLaren, I. and Macgregor, T. A. and Allen, C. S. and Kirkland, A. I.},
	journal={APL Mater.},
	volume={8},
	number={11},
	pages={110901},
	year={2020},
	publisher={AIP Publishing LLC},
	doi={10.1063/5.0026992}
}

@article{howe2004effects,
	title={\href{https://doi.org/10.1093/jmicro/53.2.107}{Effects of heat and electron irradiation on the melting behavior of {A}l-{S}i alloy particles and motion of the {A}l nanosphere within}},
	author={Howe, J. M. and Yokota, T. and Murayama, M. and Jesser, W. A.},
	journal={Microscopy},
	volume={53},
	number={2},
	pages={107--114},
	year={2004},
	publisher={OUP},
	doi={10.1093/jmicro/53.2.107}
}

@article{yokota2004fractional,
	title={\href{https://doi.org/10.1063/1.1704865}{Fractional Brownian motion of an {A}l nanosphere in liquid {A}l-{S}i alloy under electron-beam irradiation}},
	author={Yokota, T. and Howe, J. M. and Jesser, W. A. and Murayama, M.},
	journal={J. Appl. Phys.},
	volume={95},
	number={10},
	pages={5756--5761},
	year={2004},
	publisher={American Institute of Physics},
	doi={10.1063/1.1704865}
}

@article{oleshko2004situ,
	title={\href{https://doi.org/10.1017/S1431927604884447}{In Situ {EFTEM/PEELS} Investigation of Melting Behavior of Individual {A}l-{S}i Alloy Small Particles}},
	author={Oleshko, V. and Howe, J. M.},
	journal={Microsc. Microanal.},
	volume={10},
	number={S02},
	pages={350},
	year={2004},
	publisher={Cambridge University Press},
	doi={10.1017/S1431927604884447}
}

@article{oleshko2005electron,
	title={\href{https://doi.org/10.1017/S1431927605502484}{``{E}lectron tweezers'' as a Tool for In-situ Manipulation and Processing of Individual Metal Nanoparticles in a Two-Phase Partially Molten Alloy}},
	author={Oleshko, V. and Howe, J. M.},
	journal={Microsc. Microanal.},
	volume={11},
	number={S02},
	pages={1512--1513},
	year={2005},
	publisher={Cambridge University Press},
	doi={https://doi.org/10.1017/S1431927605502484}
}

@article{zheng2012electron,
	title={\href{https://doi.org/10.1021/nl302788g}{Electron Beam Manipulation of Nanoparticles}},
	author={Zheng, H. and Mirsaidov, U. M. and Wang, L. and Matsudaira, P.},
	journal={Nano Lett.},
	volume={12},
	number={11},
	pages={5644--5648},
	year={2012},
	publisher={ACS Publications},
	doi={10.1021/nl302788g}
}

@article{xu2010transmission,
	title={\href{https://doi.org/10.1039/B9NR00144A}{Transmission electron microscope observation of a freestanding nanocrystal in a {C}oulomb potential well}},
	author={Xu, S. and Sun, W. and Zhang, M. and Xu, J. and Peng, L.},
	journal={Nanoscale},
	volume={2},
	number={2},
	pages={248--253},
	year={2010},
	publisher={Royal Society of Chemistry},
	doi={10.1039/B9NR00144A}
}

@article{cretu2012electron,
	title={\href{https://doi.org/10.1016/j.carbon.2011.08.043}{Electron beam-induced formation and displacement of metal clusters on graphene, carbon nanotubes and amorphous carbon}},
	author={Cretu, O. and Rodr{\'\i}guez-Manzo, J. A. and Demorti{è}re, A. and Banhart, F.},
	journal={Carbon},
	volume={50},
	number={1},
	pages={259--264},
	year={2012},
	publisher={Elsevier},
	doi={10.1016/j.carbon.2011.08.043}
}

@article{gnanavel2012observation,
	title={\href{http://www.emc2012.org.uk/documents/Abstracts/Abstracts/EMC2012_1082.pdf}{Observation of gold nanoparticles movements under sub-10 nm vortex electron beams in an aberration corrected {TEM}}},
	author={Gnanavel, T. and Yuan, J. and Babiker, M.},
	journal={Proceedings of the 15th European Microscopy Congress},
	year={2012},
}

@article{verbeeck2012new,
	title={\href{https://doi.org/10.1016/j.ultramic.2011.10.008}{A new way of producing electron vortex probes for {STEM}}},
	author={Verbeeck, J. and Tian, H. and B{\'e}ch{\'e}, A.},
	journal={Ultramicroscopy},
	volume={113},
	pages={83--87},
	year={2012},
	publisher={Elsevier},
	doi={10.1016/j.ultramic.2011.10.008}
}

@article{castrejon2021time,
	title={\href{https://doi.org/10.1103/PhysRevB.103.155413}{Time-dependent forces between a swift electron and a small nanoparticle within the dipole approximation}},
	author={Castrej{\'o}n-Figueroa, J. and Castellanos-Reyes, J. {\'A}. and Maciel-Escudero, C. and Reyes-Coronado, A. and Barrera, R. G.},
	journal={Phys. Rev. B},
	volume={103},
	number={15},
	pages={155413},
	year={2021},
	publisher={APS},
	doi={10.1103/PhysRevB.103.155413}
}

@misc{PRBcastrejon2,
	title={\href{https://arxiv.org/abs/2106.04032}{Non-causality and numerical convergence impact on the linear momentum transfer by a swift electron to a metallic nanoparticle}}, 
	author={Castrej{\'o}n-Figueroa, J. and Castellanos-Reyes, J. {\'A}.  and Reyes-Coronado, A.},
	year={2021},
	eprint={2106.04032},
	archivePrefix={arXiv},
	primaryClass={cond-mat.mtrl-sci}
}

@article{toudert2012exploring,
	title={\href{https://doi.org/10.1021/jp3065882}{Exploring the Optical Potential of Nano-Bismuth: Tunable Surface Plasmon Resonances in the Near Ultraviolet-to-Near Infrared Range}},
	author={Toudert, J. and Serna, R. and J. de Castro, M.},
	journal={J. Phys. Chem. C},
	volume={116},
	number={38},
	pages={20530--20539},
	year={2012},
	publisher={ACS Publications},
	doi={10.1021/jp3065882}
}

@article{cuadrado2016polaritonic,
	title={\href{https://doi.org/10.1109/JPHOT.2016.2574777}{Polaritonic-to-Plasmonic Transition in Optically Resonant Bismuth Nanospheres for High-Contrast Switchable Ultraviolet Meta-Filters}},
	author={Cuadrado, A. and Toudert, J. and Serna, R.},
	journal={IEEE Photonics J.},
	volume={8},
	number={3},
	pages={1--11},
	year={2016},
	publisher={IEEE},
	doi={10.1109/JPHOT.2016.2574777}
}

@article{toudert2017unveiling,
	title={\href{https://doi.org/10.1021/acs.jpcc.6b10331}{Unveiling the Far Infrared-to-Ultraviolet Optical Properties of Bismuth for Applications in Plasmonics and Nanophotonics}},
	author={Toudert, J. and Serna, R. and Camps, I. and Wojcik, J. and Mascher, P. and Rebollar, E. and Ezquerra, T. A.},
	journal={J. Phys. Chem. C},
	volume={121},
	number={6},
	pages={3511--3521},
	year={2017},
	publisher={ACS Publications},
	doi={10.1021/acs.jpcc.6b10331}
}

@article{Naumov2007,
	title={\href{https://doi.org/10.3103/S1067821207010038}{World market of bismuth: {A} review}},
	author={Naumov, A.V.},
	journal={Russ. J. Non-ferrous Metals },
	volume={48},
	pages={10--16},
	year={2007},
	doi={10.3103/S1067821207010038}
}

@misc{JACRGithubTMA,
	author = {Castellanos-Reyes, J. {\'A}},
	title = {Angular-Momentum-Transfer},
	year = {2021},
	publisher = {GitHub},
	journal = {GitHub repository},
	howpublished = {\url{https://github.com/castellanos-angel/Angular-Momentum-Transfer}}
}

@article{de2012quantum,
	title={\href{https://doi.org/10.1364/OL.37.005015}{Quantum optical response of metallic nanoparticles and dimers}},
	author={de la Osa, R. A. and Sanz, J. M. and Saiz, J. M. and Gonz{\'a}lez, F. and Moreno, F.},
	journal={Opt. Lett.},
	volume={37},
	number={23},
	pages={5015--5017},
	year={2012},
	publisher={Optical Society of America},
	doi={10.1364/OL.37.005015}
}

@article{kraus1983plasmon,
	title={\href{https://doi.org/10.1063/1.445794}{Plasmon resonance broadening in small metal particles}},
	author={Kraus, W. A. and Schatz, G. C.},
	journal={J. Chem. Phys.},
	volume={79},
	number={12},
	pages={6130--6139},
	year={1983},
	publisher={American Institute of Physics},
	doi={10.1063/1.445794}
}

@incollection{VERBEECK2005324,
	title = {\href{https://doi.org/10.1016/B0-12-369397-7/00605-1}{ELECTRON ENERGY LOSS SPECTROMETRY}},
	editor = {P. Worsfold and A. Townshend and C. Poole},
	booktitle = {Encyclopedia of Analytical Science (Second Edition)},
	publisher = {Elsevier},
	address = {Oxford},
	pages = {324-331},
	year = {2005},
	isbn = {978-0-12-369397-6},
	doi = {10.1016/B0-12-369397-7/00605-1},
	author = {J. Verbeeck and S. Hens and P. Potapov and D. Schryvers}
}

@book{ballentine2014quantum,
	title={Quantum Mechanics: A Modern Development},
	author={Ballentine, L. E.},
	year={2014},
	publisher={World Scientific Publishing Company}
}

@article{mori2001double,
	title={\href{https://doi.org/10.1016/S0377-0427(00)00501-X}{The double-exponential transformation in numerical analysis}},
	author={Mori, M. and Sugihara, M.},
	journal={J. Comput. Appl. Math.},
	volume={127},
	number={1-2},
	pages={287--296},
	year={2001},
	publisher={Elsevier},
	doi = {10.1016/S0377-0427(00)00501-X}
}

@misc{wolframdoubleexponential,
	title        = "{NIntegrate Integration Strategies}",
	author       = "{Wolfram Language \& System Documentation Center}",
	howpublished = "\url{https://reference.wolfram.com/language/tutorial/NIntegrateIntegrationStrategies.html}",
	year         = 2021,
	note         = "(Recuperado el 13 de julio de 2021)"
}

@phdthesis{castellanos2021phdthesis,
  author       = {Castellanos-Reyes, José Ángel}, 
  title        = {Transferencia de momento angular de electrones rápidos a nanopartículas},
  school       = {Facultad de Ciencias, UNAM},
  year         = 2021
}

@phdthesis{castrejon2021phdthesis,
  author       = {Castrejón-Figueroa, Jesús}, 
  title        = {Transferencia de momento lineal de electrones rápidos a nanopartículas},
  school       = {Facultad de Ciencias, UNAM},
  year         = 2021
}

@article{ashkin1987optical,
  title={Optical trapping and manipulation of viruses and bacteria},
  author={Ashkin, Arthur and Dziedzic, James M},
  journal={Science},
  volume={235},
  number={4795},
  pages={1517--1520},
  year={1987},
  publisher={American Association for the Advancement of Science}
}

@article{castrejon2021time,
  title={Time-dependent forces between a swift electron and a small nanoparticle within the dipole approximation},
  author={Castrej{\'o}n-Figueroa, J and Castellanos-Reyes, J{\'A} and Maciel-Escudero, Carlos and Reyes-Coronado, Alejandro and Barrera, Rub{\'e}n G},
  journal={Physical Review B},
  volume={103},
  number={15},
  pages={155413},
  year={2021},
  publisher={APS}
}

@article{castrejon2021effects,
  title={Effects of a noncausal electromagnetic response on the linear momentum transfer from a swift electron to a metallic nanoparticle},
  author={Castrej{\'o}n-Figueroa, J and Castellanos-Reyes, J{\'A} and Reyes-Coronado, A},
  journal={Physical Review B},
  volume={104},
  number={23},
  pages={235416},
  year={2021},
  publisher={APS}
}

@article{castellanos2023theory,
  title={Theory and simulations of angular momentum transfer from swift electrons to spherical nanoparticles in scanning transmission electron microscopy},
  author={Castellanos-Reyes, Jos{\'e} {\'A}ngel and Castrej{\'o}n-Figueroa, Jes{\'u}s and Reyes-Coronado, Alejandro},
  journal={Physical Review B},
  volume={107},
  number={5},
  pages={054307},
  year={2023},
  publisher={APS}
}